<?xml version="1.0" encoding="UTF-8"?><collection xmlns="http://www.loc.gov/MARC21/slim"><record><leader>00495nam--2200169-i-4500</leader><controlfield tag="001">000027920</controlfield><controlfield tag="002">20161230</controlfield><controlfield tag="005">20161230201037</controlfield><controlfield tag="008">060222s1000------------r-----000-0-eng-d</controlfield><datafield ind1=" " ind2=" " tag="040"><subfield code="a">IFIN-HH</subfield></datafield><datafield ind1=" " ind2=" " tag="080"><subfield code="a">538.632</subfield></datafield><datafield ind1="1" ind2=" " tag="100"><subfield code="a">Lee, Ronald Stanley</subfield></datafield><datafield ind1="1" ind2="0" tag="245"><subfield code="a">Hall effect of gadolinium, lutetium and ytrium single crystals</subfield><subfield code="b">Thesis</subfield><subfield code="c">Ronald stanley lee</subfield></datafield><datafield ind1=" " ind2=" " tag="260"><subfield code="a">Ann Arbor</subfield><subfield code="b">University Microfilms, Inc</subfield><subfield code="c">1967</subfield></datafield><datafield ind1=" " ind2=" " tag="300"><subfield code="a">III + 74P</subfield></datafield><datafield ind1=" " ind2=" " tag="852"><subfield code="a">29223</subfield><subfield code="c">537:538</subfield></datafield><datafield ind1=" " ind2=" " tag="CAT"><subfield code="a">Sys</subfield><subfield code="c">20110615</subfield><subfield code="h">115038</subfield></datafield></record></collection>